@book{manning2008introduction,
  added-at = {2013-01-18T11:29:26.000+0100},
  address = {New York},
  author = {Manning, Christopher D. and Raghavan, Prabhakar and Sch√ºtze, Hinrich},
  biburl = {http://www.bibsonomy.org/bibtex/29f4ab13e07b48b9723113aa74224be65/sdo},
  interhash = {2e574e46b7668a7268e7f02b46f4d9bb},
  intrahash = {9f4ab13e07b48b9723113aa74224be65},
  isbn = {9780521865715 0521865719},
  keywords = {book citedBy:doerfel2012leveraging information introduction ir retrieval},
  publisher = {Cambridge University Press},
  timestamp = {2013-01-18T11:29:26.000+0100},
  title = {Introduction to Information Retrieval},
  url = {http://www.amazon.com/Introduction-Information-Retrieval-Christopher-Manning/dp/0521865719/ref=sr_1_1?ie=UTF8&qid=1337379279&sr=8-1},
  year = 2008
}

@misc{ibm13,
  title = {The Art of Tokenization},
  author = {Craig Trim},
  year = {2013},
  howpublished = {\url{https://www.ibm.com/developerworks/community/blogs/nlp/entry/tokenization?lang=en}}
  
}

@misc{scholer13,
  title = {Query Expansion and Relevance Feedback, Slideshow},
  notes = {Lecture 5},
  author = {Falk Scholer},
  year = 2013
}

@misc{scholer13_6,
  title = {Retrieval Measures, Slideshow},
  notes = {Lecture 6},
  author = {Falk Scholer},
  year = 2013

}

@inproceedings{billerbeckzobel04,
  added-at = {2008-06-17T16:01:02.000+0200},
  address = {Darlinghurst, Australia, Australia},
  author = {Billerbeck, Bodo and Zobel, Justin},
  biburl = {http://www.bibsonomy.org/bibtex/2b4237474dbb7e4417baf622046045397/pprett},
  booktitle = {ADC '04: Proceedings of the 15th Australasian database conference},
  citeulike-article-id = {1375428},
  interhash = {b942ba204f2aa7ecef2160347e392da1},
  intrahash = {b4237474dbb7e4417baf622046045397},
  keywords = {examination, expansion, parameters, query},
  pages = {69--76},
  posted-at = {2007-12-10 08:38:27},
  priority = {4},
  publisher = {Australian Computer Society, Inc.},
  timestamp = {2008-06-17T16:01:02.000+0200},
  title = {Questioning query expansion: an examination of behaviour and parameters},
  url = {http://portal.acm.org/citation.cfm?id=1012294.1012302},
  year = 2004
}

@misc{grammar13,
  title = {Common Prefixes in English},
  howpublished = {\url{http://grammar.about.com/od/words/a/comprefix07.htm}},
  author = {Richard Nordquist},
  year = 2013,
  month = August

}

@misc{wolfram13,
  title = "Heap",
  author = "Eric Weisstein",
  howpublished = {\url{http://mathworld.wolfram.com/Heap.html}},
  publisher = "MathWorld--A Wolfram Web Resource",
  year = 2013
}

@misc{princeton,
  title = {Delegation Pattern},
  year = {2013},
  month = August,
  howpublished = {\url{http://www.princeton.edu/~achaney/tmve/wiki100k/docs/Delegation_pattern.html}}
}

@misc{javamex,
  howpublished = {\url{http://www.javamex.com/tutorials/collections/hash_function_technical_2.shtml},
  title = {How the String hash function works}},
  year = 2012,
  author = {Neil Coffey}
  
}


@misc{hashset,
  howpublished = {\url{http://docs.oracle.com/javase/6/docs/api/java/util/HashSet.html}},
  title = {Class HashSet<E>},
  author = {Oracle},
  year = 2011
}

@misc{hashmap,
  howpublished = {\url{http://docs.oracle.com/javase/6/docs/api/java/util/HashMap.html}},
  title = {Class HashMap<E>},
  author = {Oracle},
  year = 2011
}

@misc{priorityqueue,
  howpublished = {\url{http://docs.oracle.com/javase/6/docs/api/java/util/PriorityQueue.html}},
  title = {Class PriorityQueue<E>},
  author = {Oracle},
  year = 2011
}


@misc{seekablebytechannel,
  howpublished = {\url{http://openjdk.java.net/projects/nio/javadoc/java/nio/channels/SeekableByteChannel.html#position(long)}},
  title = {Interface SeekableByteChannel},
  author = {Oracle},
  year = 2013
}

@techreport{dahlsmith13,
  author = {Nicolai Dahl and Daniel Smith},
  year = 2013,
  institution = {RMIT},
  title = {Assignment 1: Indexing},
  month = sep
}
