@book{manning2008introduction,
  added-at = {2013-01-18T11:29:26.000+0100},
  address = {New York},
  author = {Manning, Christopher D. and Raghavan, Prabhakar and Sch√ºtze, Hinrich},
  biburl = {http://www.bibsonomy.org/bibtex/29f4ab13e07b48b9723113aa74224be65/sdo},
  interhash = {2e574e46b7668a7268e7f02b46f4d9bb},
  intrahash = {9f4ab13e07b48b9723113aa74224be65},
  isbn = {9780521865715 0521865719},
  keywords = {book citedBy:doerfel2012leveraging information introduction ir retrieval},
  publisher = {Cambridge University Press},
  timestamp = {2013-01-18T11:29:26.000+0100},
  title = {Introduction to Information Retrieval},
  url = {http://www.amazon.com/Introduction-Information-Retrieval-Christopher-Manning/dp/0521865719/ref=sr_1_1?ie=UTF8&qid=1337379279&sr=8-1},
  year = 2008
}

@misc{ibm13,
  title = {The Art of Tokenization},
  author = {Craig Trim},
  year = 2013,
  url = {https://www.ibm.com/developerworks/community/blogs/nlp/entry/tokenization?lang=en}
  
}